<record><leader>00000cas a22000007a 4500</leader><controlfield tag="001">17606453</controlfield><controlfield tag="008">880310d18841924iauwr ne      0    0ger d</controlfield><datafield ind1=" " ind2=" " tag="010"><subfield code="a">sn 88059516 </subfield></datafield><datafield ind1=" " ind2=" " tag="040"><subfield code="a">INP</subfield><subfield code="b">eng</subfield><subfield code="c">INP</subfield><subfield code="d">OCLCQ</subfield></datafield><datafield ind1=" " ind2=" " tag="042"><subfield code="a">msc</subfield></datafield><datafield ind1="0" ind2="0" tag="245"><subfield code="a">Waverly Phoenix.</subfield></datafield><datafield ind1="1" ind2="3" tag="246"><subfield code="a">Waverly Pho&#776;nix</subfield></datafield><datafield ind1=" " ind2=" " tag="260"><subfield code="a">Waverly, Iowa :</subfield><subfield code="b">[s.n.]</subfield></datafield><datafield ind1=" " ind2=" " tag="300"><subfield code="a">v.</subfield></datafield><datafield ind1=" " ind2=" " tag="310"><subfield code="a">Weekly</subfield></datafield><datafield ind1="1" ind2=" " tag="362"><subfield code="a">Issued Oct. 1884-Apr. 30, 1924.</subfield></datafield><datafield ind1=" " ind2=" " tag="546"><subfield code="a">In German.</subfield></datafield><datafield ind1=" " ind2=" " tag="588"><subfield code="a">Description based on: Jahrg. 32, Nr. 15 (12 Jan. 1916).</subfield></datafield><datafield ind1=" " ind2=" " tag="752"><subfield code="a">United States</subfield><subfield code="b">Iowa</subfield><subfield code="c">Bremer</subfield><subfield code="d">Waverly.</subfield></datafield><datafield ind1="0" ind2="4" tag="785"><subfield code="t">Waverly Democrat</subfield><subfield code="w">(DLC)sn 87058401</subfield></datafield></record>